<record><leader>00000cas a22000007a 4500</leader><controlfield tag="001">12753050</controlfield><controlfield tag="008">851102d19121925mtuwr ne      0    0eng d</controlfield><datafield ind1=" " ind2=" " tag="010"><subfield code="a">sn 85053312 </subfield></datafield><datafield ind1=" " ind2=" " tag="040"><subfield code="a">MTL</subfield><subfield code="b">eng</subfield><subfield code="c">MTL</subfield><subfield code="d">OCLCQ</subfield></datafield><datafield ind1=" " ind2=" " tag="042"><subfield code="a">msc</subfield></datafield><datafield ind1="0" ind2="0" tag="245"><subfield code="a">Big Hole Basin news.</subfield></datafield><datafield ind1=" " ind2=" " tag="260"><subfield code="a">Wisdom, Mont. :</subfield><subfield code="b">R. Hathaway,</subfield><subfield code="c">-1925.</subfield></datafield><datafield ind1=" " ind2=" " tag="300"><subfield code="a">13 v. :</subfield><subfield code="b">ill.</subfield></datafield><datafield ind1=" " ind2=" " tag="310"><subfield code="a">Weekly</subfield></datafield><datafield ind1="0" ind2=" " tag="362"><subfield code="a">-v. 13, no. 32 (Apr. 30, 1925).</subfield></datafield><datafield ind1="1" ind2=" " tag="362"><subfield code="a">"Established 1912."</subfield></datafield><datafield ind1=" " ind2=" " tag="588"><subfield code="a">Description based on: Vol. 1, no. 11 (Jan. 9, 1913).</subfield></datafield><datafield ind1=" " ind2=" " tag="752"><subfield code="a">United States</subfield><subfield code="b">Montana</subfield><subfield code="c">Beaverhead</subfield><subfield code="d">Wisdom.</subfield></datafield><datafield ind1="0" ind2="5" tag="780"><subfield code="t">Big Hole breezes</subfield><subfield code="g">1915</subfield><subfield code="w">(DLC)sn 83025326</subfield></datafield></record>